<?xml version="1.0" encoding="UTF-8"?><record xmlns="http://www.loc.gov/MARC21/slim" xmlns:cinclude="http://apache.org/cocoon/include/1.0" xmlns:zs="http://www.loc.gov/zing/srw/">
  <leader>00494nz  a2200133n  4500</leader>
  <controlfield tag="001">no2014170178</controlfield>
  <controlfield tag="003">DLC</controlfield>
  <controlfield tag="005">20141231073523.0</controlfield>
  <controlfield tag="008">141230n| azannaabn          |n aaa     c</controlfield>
  <datafield tag="010" ind1=" " ind2=" ">
    <subfield code="a">no2014170178</subfield>
  </datafield>
  <datafield tag="035" ind1=" " ind2=" ">
    <subfield code="a">(OCoLC)oca10050258</subfield>
  </datafield>
  <datafield tag="040" ind1=" " ind2=" ">
    <subfield code="a">IEN</subfield>
    <subfield code="b">eng</subfield>
    <subfield code="e">rda</subfield>
    <subfield code="c">IEN</subfield>
  </datafield>
  <datafield tag="100" ind1="1" ind2=" ">
    <subfield code="a">Adepoju, E. G.</subfield>
  </datafield>
  <datafield tag="670" ind1=" " ind2=" ">
    <subfield code="a">Report on training of doctors in the secondary health care facilities located in UNFPA assisted LGAs in Osun State on Expanded life saving skills initiative (ELSSI), 2005:</subfield>
    <subfield code="b">title page (E.G. Adepoju)</subfield>
  </datafield>
</record>